@article{SmithBH2013,
  title={Analyzing and synthesizing phylogenies using tree alignment graphs},
  author={Stephen A. Smith and Joseph W. Brown and Cody E. Hinchliff},
  journal={PLoS computational biology},
  volume={9},
  number={9},
  pages={e1003223},
  year={2013},
  publisher={Public Library of Science},
  url={http://journals.plos.org/ploscompbiol/article?id=10.1371/journal.pcbi.1003223},
  doi={10.1371/journal.pcbi.1003223}
}